% Encoding: UTF-8

@Article{Vanessa,
  author  = {Vanessa M. and Jane C.},
  journal = {The Centre for Innovation in Teaching and Learning},
  title   = {What Are Learning Objects?},
  url     = {https://blog.citl.mun.ca/instructionalresources/what-are-learning-objects/},
}

@Article{Doering2007,
  author  = {Aaron Doering},
  journal = {Distance Education},
  title   = {Adventure Learning: Transformative hybrid online education},
  year    = {2007},
  url     = {https://www.tandfonline.com/doi/abs/10.1080/01587910600789571},
}

@Article{Wiest2012,
  author = {Lynda R. Wiest},
  title  = {Effective Online Instruction in Higher Education},
  year   = {2012},
  url    = {https://www.researchgate.net/publication/263620466_Effective_Online_Instruction_in_Higher_Education},
}

@Article{Singh2004,
  author  = {Parbudyal Singh and William Pan},
  journal = {College Student Journal},
  title   = {Online education: lessons for administrators and instructors},
  year    = {2004},
  url     = {https://go.gale.com/ps/anonymous?id=GALE|A119741939&sid=googleScholar&v=2.1&it=r&linkaccess=abs&issn=01463934&p=AONE&sw=w},
}

@Article{Davies,
  author = {Scott Davies},
  title  = {School Choice by Default},
  url    = {https://nall.oise.utoronto.ca/res/65ScottDavies.pdf},
}

@Article{Zhang,
  author  = {Wei Zhang and Mark Bray},
  journal = {Spotlight on China},
  title   = {Shadow Education},
  url     = {https://link.springer.com/chapter/10.1007/978-94-6209-881-7_6},
}

@Article{Online2020,
  title = {Online Tutoring Services Market Size},
  year  = {2020},
  url   = {https://www.grandviewresearch.com/industry-analysis/online-tutoring-services-market},
}

@Article{Private2020,
  journal = {Research and Markets},
  title   = {Private Tutoring - Global Market Trajectory and Analytics},
  year    = {2020},
  url     = {https://www.researchandmarkets.com/reports/4721443/private-tutoring-global-market-trajectory-and},
}

@Article{TestPrep2020,
  journal = {Research and Markets},
  title   = {Test Preparation Market in US 2020-2024},
  year    = {2020},
  url     = {https://www.researchandmarkets.com/reports/5024954/test-preparation-market-in-us-2020-2024},
}

@Article{Global2019,
  journal = {Technavio},
  title   = {Global Online Tutoring Market 2019-2023},
  year    = {2019},
  url     = {https://www.businesswire.com/news/home/20191008005593/en/Global-Online-Tutoring-Market-2019-2023-15-CAGR-Projection-Over-the-Next-Five-Years-Technavio},
}

@Article{K-12-2020,
  journal = {Technavio},
  title   = {K-12 Online Tutoring Market},
  year    = {2020},
  url     = {https://www.businesswire.com/news/home/20201023005232/en/},
}

@Article{Shelton2005,
  author = {Kaye Shelton and George Saltsman},
  title  = {An Administrator's Guide to Online Education},
  year   = {2005},
}

@Article{Sherr2019,
  author  = {Ian Sherr},
  journal = {CNet},
  title   = {Discord, Slack for gamers, tops 250 million registered users},
  year    = {2019},
  url     = {https://www.cnet.com/news/discord-slack-for-gamers-hits-its-fourth-year-at-250-million-registered-users/},
}

@Article{Jargon2019,
  author  = {Julie Jargon},
  journal = {The Wall Street Journal},
  title   = {The Dark Side of Discord, Your Teenâ€™s Favorite Chat App},
  year    = {2019},
  url     = {https://www.wsj.com/articles/discord-where-teens-rule-and-parents-fear-to-tread-11560245402},
}

@Article{Sun2016,
  author  = {Anna Qian Sun and Xiufang Chen},
  journal = {Journal of Information Technology Education:Research},
  title   = {Online Education and Its Effective Practice: A Research Review},
  year    = {2016},
}

@Comment{jabref-meta: databaseType:bibtex;}
